@inproceedings{lee2010geometric,
  title={Geometric tracking control of a quadrotor UAV on SE (3)},
  author={Lee, Taeyoung and Leoky, M and McClamroch, N Harris},
  booktitle={Decision and Control (CDC), 2010 49th IEEE Conference on},
  pages={5420--5425},
  year={2010},
  organization={IEEE}
}

@inproceedings{2012simpar_meyer,
  author = {Johannes Meyer and Alexander Sendobry and Stefan Kohlbrecher and Uwe Klingauf and Oskar von Stryk},
  title = {Comprehensive Simulation of Quadrotor UAVs using ROS and Gazebo},
  year = {2012},
  pages = {to appear},
  booktitle = {3rd Int. Conf. on Simulation, Modeling and Programming for Autonomous Robots (SIMPAR)},
}

@inproceedings{quigley2009ros,
  title={ROS: an open-source Robot Operating System},
  author={Quigley, Morgan and Conley, Ken and Gerkey, Brian and Faust, Josh and Foote, Tully and Leibs, Jeremy and Wheeler, Rob and Ng, Andrew Y},
  booktitle={ICRA workshop on open source software},
  volume={3},
  number={3.2},
  pages={5},
  year={2009}
}

@inproceedings{koenig2004design,
  title={Design and use paradigms for gazebo, an open-source multi-robot simulator},
  author={Koenig, Nathan and Howard, Andrew},
  booktitle={Intelligent Robots and Systems, 2004.(IROS 2004). Proceedings. 2004 IEEE/RSJ International Conference on},
  volume={3},
  pages={2149--2154},
  year={2004},
  organization={IEEE}
}

